@book{eisenberg2016dependent,
  title={Dependent types in Haskell: Theory and practice},
  author={Eisenberg, Richard A},
  year={2016},
  publisher={University of Pennsylvania}
}
